@article{ratnerwarmuth1986,
  title={The (n^2-1)-Puzzle and Related Relocation Problems},
  author={Ratner Daniel \& Warmuth Manfred},
  year={1986}
}
